<?xml version="1.0" encoding="UTF-8"?><record xmlns="http://www.loc.gov/MARC21/slim" xmlns:cinclude="http://apache.org/cocoon/include/1.0" xmlns:zs="http://www.loc.gov/zing/srw/">
  <leader>00495nz  a2200145n  4500</leader>
  <controlfield tag="001">n 2001046232</controlfield>
  <controlfield tag="003">DLC</controlfield>
  <controlfield tag="005">20011004151751.0</controlfield>
  <controlfield tag="008">011004n| acannaabn          |a ana      </controlfield>
  <datafield tag="010" ind1=" " ind2=" ">
    <subfield code="a">n 2001046232</subfield>
  </datafield>
  <datafield tag="040" ind1=" " ind2=" ">
    <subfield code="a">DLC</subfield>
    <subfield code="b">eng</subfield>
    <subfield code="c">DLC</subfield>
  </datafield>
  <datafield tag="110" ind1="2" ind2=" ">
    <subfield code="a">Waschhaus Galerie</subfield>
  </datafield>
  <datafield tag="410" ind1="2" ind2=" ">
    <subfield code="a">Galerie im Waschhaus</subfield>
  </datafield>
  <datafield tag="670" ind1=" " ind2=" ">
    <subfield code="a">Grimmling, Hans-Hendrik. Hans Hendrik Grimmling, c2000:</subfield>
    <subfield code="b">t.p. verso (...in der Galerie im Waschhaus)</subfield>
  </datafield>
  <datafield tag="670" ind1=" " ind2=" ">
    <subfield code="a">Waschhaus Galerie WWW Home page, 10-04-01</subfield>
    <subfield code="b">(Waschhaus Galerie; located in Potsdam)</subfield>
  </datafield>
</record>